@book{Hopcroft,
  author = {John E. Hopcroft and Rajeev Motwani and
    Jeffrey D. Ullman},
  title = {Introduction to {A}utomata {T}heory,
    {L}anguages, and {C}omputation},
  year = {2001},
  publisher = {Addison-Wesley},
}

@inproceedings{rltl,
  author = {Martin Leucker and C{\'e}sar S{\'a}nchez},
  title = {Regular {L}inear {T}emporal {L}ogic},
  booktitle = {Proceedings of the 4th International
    Colloquium on Theoretical Aspects of Computing
    (ICTAC'07)},
  pages = {291--305},
  year = 2007,
  editor = {C. B. Jones and Z. Liu and J. Woodcock},
  volume = 4711,
  publisher = {Springer},
  series = {Lecture Notes in Computer Science},
}